<?xml version="1.0" encoding="UTF-8"?><record xmlns="http://www.loc.gov/MARC21/slim" xmlns:cinclude="http://apache.org/cocoon/include/1.0" xmlns:zs="http://www.loc.gov/zing/srw/">
  <leader>00479cz  a2200145n  4500</leader>
  <controlfield tag="001">n  98050968 </controlfield>
  <controlfield tag="003">DLC</controlfield>
  <controlfield tag="005">20130308101145.0</controlfield>
  <controlfield tag="008">980603n| azannaab           |a aaa      </controlfield>
  <datafield tag="010" ind1=" " ind2=" ">
    <subfield code="a">n  98050968 </subfield>
  </datafield>
  <datafield tag="040" ind1=" " ind2=" ">
    <subfield code="a">DLC</subfield>
    <subfield code="b">eng</subfield>
    <subfield code="e">rda</subfield>
    <subfield code="c">DLC</subfield>
    <subfield code="d">DLC</subfield>
  </datafield>
  <datafield tag="046" ind1=" " ind2=" ">
    <subfield code="g">1674~</subfield>
    <subfield code="2">edtf</subfield>
  </datafield>
  <datafield tag="100" ind1="1" ind2=" ">
    <subfield code="a">Smithwick, Hugh,</subfield>
    <subfield code="d">-approximately 1674</subfield>
  </datafield>
  <datafield tag="400" ind1="1" ind2=" ">
    <subfield code="w">nnea</subfield>
    <subfield code="a">Smithwick, Hugh,</subfield>
    <subfield code="d">d. ca. 1674</subfield>
  </datafield>
  <datafield tag="670" ind1=" " ind2=" ">
    <subfield code="a">Hugh Smithwick descendants, 1997:</subfield>
    <subfield code="b">t.p. (Hugh Smithwick) p. 1 (date of birth unknown; apparently died by 1674)</subfield>
  </datafield>
</record>